@article{Yao2016,
    title = {{A big bang-big crunch type-2 fuzzy logic system for machine-vision-based event detection and summarization in real-world ambient-assisted living}},
    year = {2016},
    journal = {IEEE Transactions on Fuzzy Systems},
    author = {Yao, Bo and Hagras, Hani and Alghazzawi, Daniyal and Alhaddad, Mohammed J.},
    number = {6},
    month = {12},
    pages = {1307--1319},
    volume = {24},
    url = {http://ieeexplore.ieee.org/document/7370923/},
    doi = {10.1109/TFUZZ.2016.2514366},
    issn = {10636706},
    keywords = {3-D machine vision, Event summarization, interval type-2 fuzzy logic systems (IT2FLS)}
}

@article{Kahani2019,
    title = {{A correlation based feature representation for first-person activity recognition}},
    year = {2019},
    journal = {Multimedia Tools and Applications},
    author = {Kahani, Reza and Talebpour, Alireza and Mahmoudi-Aznaveh, Ahmad},
    month = {8},
    publisher = {Springer New York LLC},
    url = {https://arxiv.org/ftp/arxiv/papers/1711/1711.05523.pdf},
    doi = {10.1007/s11042-019-7429-3},
    keywords = {Convolutional neural network, Feature encoding, Feature representation, First-person activity recognition, Human activity recognition}
}

@article{Zhao2017,
    title = {{A Human-Centered Activity Tracking System: Toward a Healthier Workplace}},
    year = {2017},
    journal = {IEEE Transactions on Human-Machine Systems},
    author = {Zhao, Wenbing and Lun, Roanna and Gordon, Connor and Fofana, Abou Bakar M. and Espy, Deborah D. and Reinthal, M. Ann and Ekelman, Beth and Goodman, Glenn D. and Niederriter, Joan E. and Luo, Xiong},
    number = {3},
    month = {6},
    pages = {343--355},
    volume = {47},
    url = {http://ieeexplore.ieee.org/document/7585021/},
    isbn = {2168-2291 VO  - PP},
    doi = {10.1109/THMS.2016.2611825},
    issn = {21682291},
    pmid = {23257873},
    keywords = {Alert, Microsoft Kinect, biometrics, gesture recognition, human motion tracking, selective tracking, single sign-on}
}

@inproceedings{Mahabalagiri2013,
    title = {{A robust edge-based optical flow method for elderly activity classification with wearable smart cameras}},
    year = {2013},
    booktitle = {2013 7th International Conference on Distributed Smart Cameras, ICDSC 2013},
    author = {Mahabalagiri, Anvith and Ozcan, Koray and Velipasalar, Senem},
    month = {10},
    pages = {1--6},
    publisher = {IEEE},
    url = {http://ieeexplore.ieee.org/document/6778214/},
    isbn = {978-1-4799-2164-5},
    doi = {10.1109/ICDSC.2013.6778214}
}

@inproceedings{Wu2007,
    title = {{A scalable approach to activity recognition based on object use}},
    year = {2007},
    booktitle = {Proceedings of the IEEE International Conference on Computer Vision},
    author = {Wu, Jianxin and Osuntogun, Adebola and Choudhury, Tanzeem and Philipose, Matthai and Rehg, James M.},
    pages = {1--8},
    publisher = {IEEE},
    url = {http://ieeexplore.ieee.org/document/4408865/},
    isbn = {978-1-4244-1630-1},
    doi = {10.1109/ICCV.2007.4408865},
    issn = {1550-5499},
    pmid = {22210836}
}

@article{Shoaib2015,
    title = {{A Survey of Online Activity Recognition Using Mobile Phones}},
    year = {2015},
    journal = {Sensors},
    author = {Shoaib, Muhammad and Bosch, Stephan and Incel, Ozlem and Scholten, Hans and Havinga, Paul and Shoaib, Muhammad and Bosch, Stephan and Incel, Ozlem Durmaz and Scholten, Hans and Havinga, Paul J.M.},
    number = {1},
    month = {1},
    pages = {2059--2085},
    volume = {15},
    publisher = {Multidisciplinary Digital Publishing Institute},
    url = {http://www.mdpi.com/1424-8220/15/1/2059},
    doi = {10.3390/s150102059},
    issn = {1424-8220},
    keywords = {accelerometer, human activity recognition review, mobile phone, mobile phone sensing, online activity recognition, real time, smartphones, survey}
}

@article{Chaquet2013,
    title = {{A survey of video datasets for human action and activity recognition}},
    year = {2013},
    journal = {Computer Vision and Image Understanding},
    author = {Chaquet, Jose M. and Carmona, Enrique J. and Fern{\'{a}}ndez-Caballero, Antonio},
    number = {6},
    month = {6},
    pages = {633--659},
    volume = {117},
    publisher = {Academic Press},
    url = {https://www.sciencedirect.com/science/article/pii/S1077314213000295},
    doi = {10.1016/J.CVIU.2013.01.013},
    issn = {1077-3142}
}

@article{Lara2013,
    title = {{A Survey on Human Activity Recognition using Wearable Sensors}},
    year = {2013},
    journal = {IEEE Communications Surveys {\&} Tutorials},
    author = {Lara, Oscar D. and Labrador, Miguel A.},
    number = {3},
    month = {23},
    pages = {1192--1209},
    volume = {15},
    url = {http://ieeexplore.ieee.org/document/6365160/},
    doi = {10.1109/SURV.2012.110112.00192},
    issn = {1553-877X}
}

@article{Poppe2010,
    title = {{A survey on vision-based human action recognition}},
    year = {2010},
    journal = {Image and Vision Computing},
    author = {Poppe, Ronald},
    pages = {976--990},
    volume = {28},
    url = {https://s3.amazonaws.com/academia.edu.documents/41835488/A_survey_on_vision-based_human_action_re20160131-27253-z2artf.pdf?AWSAccessKeyId=AKIAIWOWYYGZ2Y53UL3A&Expires=1559003206&Signature=RRSmIcvqIX9onpvZL%2FUgmDdKIW4%3D&response-content-disposition=inlin},
    doi = {10.1016/j.imavis.2009.11.014},
    keywords = {Action detection, Human action recognition, Motion analysis}
}

@inproceedings{HirokazuSeki2008,
    title = {{Abnormality detection monitoring system for elderly people in sensing and robotic support room}},
    year = {2008},
    booktitle = {2008 10th IEEE International Workshop on Advanced Motion Control},
    author = {{Hirokazu Seki} and {Susumu Tadakuma}},
    month = {3},
    pages = {56--61},
    publisher = {IEEE},
    url = {http://ieeexplore.ieee.org/document/4516041/},
    isbn = {978-1-4244-1702-5},
    doi = {10.1109/AMC.2008.4516041}
}

@incollection{Schneider2018,
    title = {{Activity Recognition Using Imagery for Smart Home Monitoring}},
    year = {2018},
    author = {Schneider, Bradley and Banerjee, Tanvi},
    pages = {355--371},
    publisher = {Springer, Cham},
    url = {http://link.springer.com/10.1007/978-3-319-63754-9_16},
    doi = {10.1007/978-3-319-63754-9{\_}16}
}

@inproceedings{Bloisi2009,
    title = {{An adaptive tracker for assisted living}},
    year = {2009},
    booktitle = {6th IEEE International Conference on Advanced Video and Signal Based Surveillance, AVSS 2009},
    author = {Bloisi, Domenico and Iocchi, Luca and Marchetti, Luca and Monekosso, Dorothy N. and Remagnino, Paolo},
    month = {9},
    pages = {164--169},
    publisher = {IEEE},
    url = {http://ieeexplore.ieee.org/document/5279627/},
    isbn = {9780769537184},
    doi = {10.1109/AVSS.2009.96}
}

@inproceedings{Matsuo2014,
    title = {{An attention-based activity recognition for egocentric video}},
    year = {2014},
    booktitle = {IEEE Computer Society Conference on Computer Vision and Pattern Recognition Workshops},
    author = {Matsuo, Kenji and Yamada, Kentaro and Ueno, Satoshi and Naito, Sei},
    month = {9},
    pages = {565--570},
    publisher = {IEEE Computer Society},
    isbn = {9781479943098},
    doi = {10.1109/CVPRW.2014.87},
    issn = {21607516}
}

@inproceedings{ElHelw2009,
    title = {{An integrated multi-sensing framework for pervasive healthcare monitoring}},
    year = {2009},
    booktitle = {Proceedings of the 3d International ICST Conference on Pervasive Computing Technologies for Healthcare},
    author = {ElHelw, M. and Pansiot, J and McIlwraith, D. and Ali, R. and Lo, B. and Atallah, L.},
    publisher = {ICST},
    url = {http://eudl.eu/doi/10.4108/ICST.PERVASIVEHEALTH2009.6038},
    isbn = {978-963-9799-42-4},
    doi = {10.4108/ICST.PERVASIVEHEALTH2009.6038}
}

@article{Koppula2016,
    title = {{Anticipating Human Activities Using Object Affordances for Reactive Robotic Response}},
    year = {2016},
    journal = {IEEE Transactions on Pattern Analysis and Machine Intelligence},
    author = {Koppula, Hema S. and Saxena, Ashutosh},
    number = {1},
    month = {1},
    pages = {14--29},
    volume = {38},
    publisher = {IEEE Computer Society},
    doi = {10.1109/TPAMI.2015.2430335},
    issn = {01628828},
    keywords = {3D Activity Understanding, Human Activity Anticipation, Machine Learning, RGBD Data, Robotics Perception}
}

@inproceedings{Sudhakaran2018,
    title = {{Attention is all we need: Nailing down object-centric attention for egocentric activity recognition}},
    year = {2018},
    booktitle = {British Machine Vision Conference 2018, BMVC 2018},
    author = {Sudhakaran, Swathikiran and Lanz, Oswald},
    publisher = {BMVA Press},
    arxivId = {1807.11794}
}

@inproceedings{Akbari2017,
    title = {{Automatic noise estimation and context-enhanced data fusion of IMU and Kinect for human motion measurement}},
    year = {2017},
    booktitle = {2017 IEEE 14th International Conference on Wearable and Implantable Body Sensor Networks (BSN)},
    author = {Akbari, Ali and Thomas, Xien and Jafari, Roozbeh},
    month = {5},
    pages = {178--182},
    publisher = {IEEE},
    url = {http://ieeexplore.ieee.org/document/7936036/},
    isbn = {978-1-5090-6244-7},
    doi = {10.1109/BSN.2017.7936036}
}

@article{Ozkan2017,
    title = {{Boosted Multiple Kernel Learning for First-Person Activity Recognition}},
    year = {2017},
    author = {Ozkan, Fatih and Arabaci, Mehmet Ali and Surer, Elif and Temizel, Alptekin},
    month = {2},
    url = {http://arxiv.org/abs/1702.06799},
    arxivId = {1702.06799}
}

@article{Banerjee2014,
    title = {{Day or night activity recognition from video using fuzzy clustering techniques}},
    year = {2014},
    journal = {IEEE Transactions on Fuzzy Systems},
    author = {Banerjee, Tanvi and Keller, James M. and Skubic, Marjorie and Stone, Erik},
    number = {3},
    month = {6},
    pages = {483--493},
    volume = {22},
    url = {http://ieeexplore.ieee.org/document/6510473/},
    isbn = {1063-6706},
    doi = {10.1109/TFUZZ.2013.2260756},
    issn = {10636706},
    keywords = {Activity labeling, depth images, fuzzy clustering, image moments, infrared images}
}

@article{Lu2019,
    title = {{Deep Attention Network for Egocentric Action Recognition}},
    year = {2019},
    journal = {IEEE Transactions on Image Processing},
    author = {Lu, Minlong and Li, Ze Nian and Wang, Yueming and Pan, Gang},
    number = {8},
    month = {8},
    pages = {3703--3713},
    volume = {28},
    publisher = {Institute of Electrical and Electronics Engineers Inc.},
    doi = {10.1109/TIP.2019.2901707},
    issn = {19410042},
    keywords = {Attention network, LSTM, action recognition, egocentric vision, top-down attention}
}

@inproceedings{Leo2018,
    title = {{Deep Learning for Assistive Computer Vision}},
    year = {2018},
    booktitle = {European Conference on Computer Vision},
    author = {Leo, Marco and Furnari, Antonino and Medioni, Gerard G and Trivedi, Mohan and Farinella, Giovanni M},
    url = {http://openaccess.thecvf.com/content_ECCVW_2018/papers/11134/Leo_Deep_Learning_for_Assistive_Computer_Vision_ECCVW_2018_paper.pdf}
}

@inproceedings{Beleznai2012,
    title = {{Density-based rare event detection from streams of neuromorphic sensor data}},
    year = {2012},
    booktitle = {Distributed Smart Cameras (ICDSC), 2012 Sixth International Conference on},
    author = {Beleznai, C and Belbachir, A N and Roth, P M},
    pages = {1--6},
    publisher = {IEEE},
    url = {http://ieeexplore.ieee.org/stamp/stamp.jsp?arnumber=6470154},
    isbn = {9781450317726}
}

@inproceedings{Pirsiavash2012,
    title = {{Detecting activities of daily living in first-person camera views}},
    year = {2012},
    booktitle = {Proceedings of the IEEE Computer Society Conference on Computer Vision and Pattern Recognition},
    author = {Pirsiavash, Hamed and Ramanan, Deva},
    pages = {2847--2854},
    isbn = {9781467312264},
    doi = {10.1109/CVPR.2012.6248010},
    issn = {10636919}
}

@inproceedings{Hamid2005,
    title = {{Detection and explanation of anomalous activities: Representing activities as bags of event n-grams}},
    year = {2005},
    booktitle = {Proceedings - 2005 IEEE Computer Society Conference on Computer Vision and Pattern Recognition, CVPR 2005},
    author = {Hamid, Raffay and Johnson, Amos and Batta, Samir and Bobick, Aaron and Isbell, Charles and Coleman, Graham},
    pages = {1031--1038},
    volume = {I},
    publisher = {IEEE},
    url = {http://ieeexplore.ieee.org/document/1467380/},
    isbn = {0769523722},
    doi = {10.1109/CVPR.2005.127},
    issn = {1063-6919},
    pmid = {20979638}
}

@inproceedings{Yiping2006,
    title = {{Detection elder abnormal activities by using Omni-drectional Vision Sensor: Activity data collection and modeling}},
    year = {2006},
    booktitle = {2006 SICE-ICASE International Joint Conference},
    author = {Yiping, Tang and Shunjing, Jin and Zhongyuan, Yang and Sisi, You},
    pages = {3850--3853},
    publisher = {IEEE},
    url = {http://ieeexplore.ieee.org/document/4108434/},
    isbn = {8995003855},
    doi = {10.1109/SICE.2006.314805},
    keywords = {EIOAM, Gerontechnology, ODVS, Remote home care}
}

@inproceedings{Savran2018,
    title = {{Energy and computation efficient audio-visual voice activity detection driven by event-cameras}},
    year = {2018},
    booktitle = {Proceedings - 13th IEEE International Conference on Automatic Face and Gesture Recognition, FG 2018},
    author = {Savran, Arman and Tavarone, Raffaele and Higy, Bertrand and Badino, Leonardo and Bartolozzi, Chiara},
    month = {5},
    pages = {333--340},
    publisher = {IEEE},
    url = {https://ieeexplore.ieee.org/document/8373848/},
    isbn = {9781538623350},
    doi = {10.1109/FG.2018.00055},
    keywords = {Audio visual, Deep neural network, Efficiency, Event driven vision sensor, Lip activity detection, Multi modal, Voice activity detection}
}

@article{Stone2015,
    title = {{Fall Detection in Homes of Older Adults Using the Microsoft Kinect}},
    year = {2015},
    journal = {IEEE Journal of Biomedical and Health Informatics},
    author = {Stone, Erik E. and Skubic, Marjorie},
    number = {1},
    month = {1},
    pages = {290--301},
    volume = {19},
    url = {http://ieeexplore.ieee.org/document/6774430/},
    doi = {10.1109/JBHI.2014.2312180},
    issn = {2168-2194}
}

@inproceedings{Rowe2007,
    title = {{FireFly Mosaic: A vision-enabled wireless sensor networking system}},
    year = {2007},
    booktitle = {Proceedings - Real-Time Systems Symposium},
    author = {Rowe, Anthony and Goel, Dhiraj and Rajkumar, Raj},
    month = {12},
    pages = {459--468},
    publisher = {IEEE},
    url = {http://ieeexplore.ieee.org/document/4408328/},
    isbn = {0769530621},
    doi = {10.1109/RTSS.2007.50},
    issn = {10528725}
}

@article{Wang2018,
    title = {{First-Person Daily Activity Recognition with Manipulated Object Proposals and Non-Linear Feature Fusion}},
    year = {2018},
    journal = {IEEE Transactions on Circuits and Systems for Video Technology},
    author = {Wang, Meng and Luo, Changzhi and Ni, Bingbing and Yuan, Jun and Wang, Jianfeng and Yan, Shuicheng},
    number = {10},
    month = {10},
    pages = {2946--2955},
    volume = {28},
    publisher = {Institute of Electrical and Electronics Engineers Inc.},
    doi = {10.1109/TCSVT.2017.2716819},
    issn = {10518215},
    keywords = {First-person, activity recognition, feature fusion, manipulated object proposal}
}

@inproceedings{Seki2009,
    title = {{Fuzzy inference based non-daily behavior pattern detection for elderly people monitoring system}},
    year = {2009},
    booktitle = {Proceedings of the 31st Annual International Conference of the IEEE Engineering in Medicine and Biology Society: Engineering the Future of Biomedicine, EMBC 2009},
    author = {Seki, Hirokazu},
    month = {9},
    pages = {6187--6192},
    publisher = {IEEE},
    url = {http://ieeexplore.ieee.org/document/5334614/},
    isbn = {9781424432967},
    doi = {10.1109/IEMBS.2009.5334614},
    issn = {1557-170X},
    pmid = {19965078}
}

@phdthesis{Schneider2017,
    title = {{Gait Analysis from Wearable Devices using Image and Signal Processing}},
    year = {2017},
    author = {Schneider, Bradley},
    url = {https://corescholar.libraries.wright.edu/etd_all/1879},
    school = {Wright State University}
}

@article{Baraldi2015,
    title = {{Gesture Recognition Using Wearable Vision Sensors to Enhance Visitors' Museum Experiences}},
    year = {2015},
    journal = {IEEE Sensors Journal},
    author = {Baraldi, Lorenzo and Paci, Francesco and Serra, Giuseppe and Benini, Luca and Cucchiara, Rita},
    number = {5},
    pages = {2705--2714},
    volume = {15},
    url = {http://ieeexplore.ieee.org/document/7058423/},
    doi = {10.1109/JSEN.2015.2411994},
    issn = {1530437X},
    keywords = {Wearable vision, embedded systems, gesture recognition, interactive museum, natural interfaces}
}

@techreport{Ma,
    title = {{Going Deeper into First-Person Activity Recognition}},
    author = {Ma, Minghuang and Fan, Haoqi and Kitani, Kris M},
    url = {https://www.cv-foundation.org/openaccess/content_cvpr_2016/papers/Ma_Going_Deeper_into_CVPR_2016_paper.pdf}
}

@inproceedings{Ma2016,
    title = {{Going deeper into ﬁrst-person activity recognition.pdf}},
    year = {2016},
    booktitle = {The IEEE Conference on Computer Vision and Pattern Recognition (CVPR)},
    author = {Ma, Minghuang and Fan, Haoqi and Kitani, Kris M.},
    pages = {1894--1903},
    url = {https://www.cv-foundation.org/openaccess/content_cvpr_2016/html/Ma_Going_Deeper_into_CVPR_2016_paper.html}
}

@techreport{Li,
    title = {{In the Eye of Beholder: Joint Learning of Gaze and Actions in First Person Video}},
    author = {Li, Yin and Liu, Miao and Rehg, James M}
}

@inproceedings{Radhakrishnan2016,
    title = {{IoT+Small Data: Transforming in-store shopping analytics {\&} services}},
    year = {2016},
    booktitle = {2016 8th International Conference on Communication Systems and Networks, COMSNETS 2016},
    author = {Radhakrishnan, Meera and Sen, Sougata and Vigneshwaran, S. and Misra, Archan and Balan, Rajesh},
    month = {1},
    pages = {1--6},
    publisher = {IEEE},
    url = {http://ieeexplore.ieee.org/document/7439946/},
    isbn = {9781467396226},
    doi = {10.1109/COMSNETS.2016.7439946},
    issn = {2155-2487}
}

@article{Anderson2009,
    title = {{Linguistic summarization of video for fall detection using voxel person and fuzzy logic}},
    year = {2009},
    journal = {Computer Vision and Image Understanding},
    author = {Anderson, Derek and Luke, Robert H. and Keller, James M. and Skubic, Marjorie and Rantz, Marilyn and Aud, Myra},
    number = {1},
    month = {1},
    pages = {80--89},
    volume = {113},
    doi = {10.1016/j.cviu.2008.07.006},
    issn = {10773142},
    keywords = {Activity analysis, Eldercare, Fall detection, Fuzzy logic, Linguistic summarization, Voxel person}
}

@article{Anderson2009a,
    title = {{Modeling human activity from voxel person using fuzzy logic}},
    year = {2009},
    journal = {IEEE Transactions on Fuzzy Systems},
    author = {Anderson, Derek and Luke, Robert H. and Keller, James M. and Skubic, Marjorie and Rantz, Marilyn J. and Aud, Myra A.},
    number = {1},
    pages = {39--49},
    volume = {17},
    doi = {10.1109/TFUZZ.2008.2004498},
    issn = {10636706},
    keywords = {Fall detection, Fuzzy logic, Human activity analysis, Voxel person}
}

@inproceedings{Nakatani2019,
    title = {{Object-based Activity Recognition Using Egocentric Video Based on Web Knowledge}},
    year = {2019},
    booktitle = {2019 IEEE International Conference on Pervasive Computing and Communications Workshops, PerCom Workshops 2019},
    author = {Nakatani, Tomoya and Kuga, Ryohei and Maekawa, Takuya},
    month = {3},
    pages = {620--625},
    publisher = {Institute of Electrical and Electronics Engineers Inc.},
    isbn = {9781538691519},
    doi = {10.1109/PERCOMW.2019.8730673},
    keywords = {Activity recognition, egocentric video, object}
}

@inproceedings{McCandless2013,
    title = {{Object-Centric Spatio-Temporal Pyramids for Egocentric Activity Recognition}},
    year = {2013},
    booktitle = {Proceedings of the British Machine Vision Conference},
    author = {McCandless, Tomas and Grauman, Kristen},
    publisher = {BMVA Press}
}

@misc{Ryoo2015,
    title = {{Pooled Motion Features for First-Person Videos}},
    year = {2015},
    author = {Ryoo, Michael S. and Rothrock, Brandon and Matthies, Larry},
    pages = {896--904}
}

@article{Moher2009,
    title = {{Preferred Reporting Items for Systematic Reviews and Meta-Analyses: The PRISMA Statement}},
    year = {2009},
    journal = {PLoS Medicine},
    author = {Moher, David and Liberati, Alessandro and Tetzlaff, Jennifer and Altman, Douglas G. and Group, The PRISMA},
    number = {7},
    month = {7},
    pages = {e1000097},
    volume = {6},
    publisher = {Public Library of Science},
    url = {https://dx.plos.org/10.1371/journal.pmed.1000097},
    doi = {10.1371/journal.pmed.1000097}
}

@inproceedings{Martin2017,
    title = {{Preparatory coordination of head, eyes and hands: Experimental study at intersections}},
    year = {2017},
    booktitle = {Proceedings - International Conference on Pattern Recognition},
    author = {Martin, Sujitha and Rangesh, Akshay and Ohn-Bar, Eshed and Trivedi, Mohan M.},
    month = {12},
    pages = {2783--2788},
    publisher = {IEEE},
    url = {http://ieeexplore.ieee.org/document/7900057/},
    isbn = {9781509048472},
    doi = {10.1109/ICPR.2016.7900057},
    issn = {10514651}
}

@inproceedings{McIlwraith2008,
    title = {{Probabilistic decision level fusion for real-time correlation of ambient and wearable sensors}},
    year = {2008},
    booktitle = {Proc. 5th Int. Workshop on Wearable and Implantable Body Sensor Networks, BSN2008, in conjunction with the 5th Int. Summer School and Symp. on Medical Devices and Biosensors, ISSS-MDBS 2008},
    author = {McIlwraith, Douglas G. and Pansiot, Julien and Thiemjarus, Surapa and Lo, Benny P.L. and Yang, Guang Zhong},
    pages = {117--120},
    publisher = {IEEE},
    url = {http://ieeexplore.ieee.org/document/4575032/},
    isbn = {9781424422531},
    doi = {10.1109/ISSMDBS.2008.4575032}
}

@article{Nguyen2016,
    title = {{Recognition of Activities of Daily Living with Egocentric Vision: A Review}},
    year = {2016},
    journal = {Sensors},
    author = {Nguyen, Thi-Hoa-Cuc and Nebel, Jean-Christophe and Florez-Revuelta, Francisco and Nguyen, Thi-Hoa-Cuc and Nebel, Jean-Christophe and Florez-Revuelta, Francisco},
    number = {1},
    month = {1},
    pages = {72},
    volume = {16},
    publisher = {Multidisciplinary Digital Publishing Institute},
    url = {http://www.mdpi.com/1424-8220/16/1/72},
    doi = {10.3390/s16010072},
    issn = {1424-8220},
    keywords = {activity recognition, ambient assisted living, egocentric vision, wearable cameras}
}

@inproceedings{Figueroa-Angulo2013,
    title = {{Recognition of arm activities based on Hidden Markov Models for natural interaction with service robots}},
    year = {2013},
    booktitle = {2013 16th International Conference on Advanced Robotics, ICAR 2013},
    author = {Figueroa-Angulo, Jose I. and Savage-Carmona, Jesus and Bribiesca-Correa, Ernesto and Escalante, Boris and Leder, Ronald S. and Sucar, Luis E.},
    month = {11},
    pages = {1--8},
    publisher = {IEEE},
    url = {http://ieeexplore.ieee.org/document/6766582/},
    isbn = {978-1-4799-2722-7},
    doi = {10.1109/ICAR.2013.6766582},
    issn = {1359-8368},
    keywords = {Activity Recognition, Hidden Markov Models, Human-Machine Interaction, Machine Learning, Motion Recognition, Pattern Recognition, Viterbi Path}
}

@article{Zhao2012,
    title = {{Recognition of driving postures by contourlet transform and random forests}},
    year = {2012},
    journal = {IET Intelligent Transport Systems},
    author = {Zhao, C.H. and Zhang, B.L. and He, J. and Lian, J.},
    number = {2},
    pages = {161},
    volume = {6},
    url = {http://digital-library.theiet.org/content/journals/10.1049/iet-its.2011.0116},
    isbn = {1751-956X VO - 6},
    doi = {10.1016/j.radonc.2016.09.001},
    issn = {18790887},
    pmid = {27687824}
}

@article{Banerjee2015,
    title = {{Recognizing complex instrumental activities of daily living using scene information and fuzzy logic}},
    year = {2015},
    journal = {Computer Vision and Image Understanding},
    author = {Banerjee, Tanvi and Keller, James M. and Popescu, Mihail and Skubic, Marjorie},
    month = {11},
    pages = {68--82},
    volume = {140},
    publisher = {Academic Press},
    url = {https://www.sciencedirect.com/science/article/pii/S1077314215000892},
    doi = {10.1016/J.CVIU.2015.04.005},
    issn = {1077-3142}
}

@article{Banerjee2015b,
    title = {{Recognizing complex instrumental activities of daily living using scene information and fuzzy logic}},
    year = {2015},
    journal = {Computer Vision and Image Understanding},
    author = {Banerjee, Tanvi and Keller, James M. and Popescu, Mihail and Skubic, Marjorie},
    month = {11},
    pages = {68--82},
    volume = {140},
    publisher = {Academic Press Inc.},
    doi = {10.1016/j.cviu.2015.04.005},
    issn = {1090235X},
    keywords = {Activities of daily living, Activity analysis, Depth images, Eldercare, Fuzzy logic, Image features, Scene understanding}
}

@inproceedings{Banerjee2012,
    title = {{Resident identification using kinect depth image data and fuzzy clustering techniques}},
    year = {2012},
    booktitle = {2012 Annual International Conference of the IEEE Engineering in Medicine and Biology Society},
    author = {Banerjee, T. and Keller, J. M. and Skubic, M.},
    month = {8},
    pages = {5102--5105},
    publisher = {IEEE},
    url = {http://ieeexplore.ieee.org/document/6347141/},
    isbn = {978-1-4577-1787-1},
    doi = {10.1109/EMBC.2012.6347141}
}

@article{Abebe2016,
    title = {{Robust multi-dimensional motion features for first-person vision activity recognition}},
    year = {2016},
    journal = {Computer Vision and Image Understanding},
    author = {Abebe, Girmaw and Cavallaro, Andrea and Parra, Xavier},
    month = {8},
    pages = {229--248},
    volume = {149},
    publisher = {Academic Press Inc.},
    doi = {10.1016/j.cviu.2015.10.015},
    issn = {1090235X},
    keywords = {First-person vision, Grid optical flow, Human activity recognition, Inertial data, Wearable camera}
}

@article{Lim2009,
    title = {{Speaker selection and tracking in a cluttered environment with audio and visual information}},
    year = {2009},
    journal = {IEEE Transactions on Consumer Electronics},
    author = {Lim, Yoonseob and Choi, Jongsuk},
    number = {3},
    month = {8},
    pages = {1581--1589},
    volume = {55},
    url = {http://ieeexplore.ieee.org/document/5278030/},
    isbn = {0098-3063},
    doi = {10.1109/TCE.2009.5278030},
    issn = {00983063},
    keywords = {Data association and particle filters, Human-robot interaction, Speaker localization}
}

@inproceedings{McIlwraith2009,
    title = {{Structure learning for activity recognition in robot assisted intelligent environments}},
    year = {2009},
    booktitle = {2009 IEEE/RSJ International Conference on Intelligent Robots and Systems, IROS 2009},
    author = {McIlwraith, Douglas G. and Pansiot, Julien and Ballantyne, James and Valibeik, Salman and Elsaify, Ahmed and Yang, Guang Zhong},
    month = {10},
    pages = {4644--4649},
    publisher = {IEEE},
    url = {http://ieeexplore.ieee.org/document/5354377/},
    isbn = {9781424438044},
    doi = {10.1109/IROS.2009.5354377},
    issn = {2153-0858},
    pmid = {9105}
}

@inproceedings{Purwanto2017,
    title = {{Temporal aggregation for first-person action recognition using Hilbert-Huang transform}},
    year = {2017},
    booktitle = {Proceedings - IEEE International Conference on Multimedia and Expo},
    author = {Purwanto, Didik and Chen, Yie Tarng and Fang, Wen Hsien},
    month = {8},
    pages = {895--900},
    publisher = {IEEE Computer Society},
    isbn = {9781509060672},
    doi = {10.1109/ICME.2017.8019520},
    issn = {1945788X},
    keywords = {Action recognition, First-person video, Hilbert-Huang transform, Temporal aggregation, Temporal pyramid pooling}
}

@inproceedings{Yoshida2010,
    title = {{Two-layered audio-visual speech recognition for robots in noisy environments}},
    year = {2010},
    booktitle = {IEEE/RSJ 2010 International Conference on Intelligent Robots and Systems, IROS 2010 - Conference Proceedings},
    author = {Yoshida, Takami and Nakadai, Kazuhiro and Okuno, Hiroshi G.},
    month = {10},
    pages = {988--993},
    publisher = {IEEE},
    url = {http://ieeexplore.ieee.org/document/5651205/},
    isbn = {9781424466757},
    doi = {10.1109/IROS.2010.5651205},
    issn = {2153-0858}
}

@inproceedings{Ong2013,
    title = {{Unsupervised human activity detection with skeleton data from RGB-D sensor}},
    year = {2013},
    booktitle = {Proceedings - 5th International Conference on Computational Intelligence, Communication Systems, and Networks, CICSyN 2013},
    author = {Ong, Wee Hong and Koseki, Takafumi and Palafox, Leon},
    month = {6},
    pages = {30--35},
    publisher = {IEEE},
    url = {http://ieeexplore.ieee.org/document/6571338/},
    isbn = {9780769550428},
    doi = {10.1109/CICSYN.2013.53},
    keywords = {RGBD sensor, clustering, feature extraction, human activity detection, unsupervised learning}
}

@inproceedings{Chakraborty2013,
    title = {{Video based activity recognition in trauma resuscitation}},
    year = {2013},
    booktitle = {2013 10th IEEE International Conference and Workshops on Automatic Face and Gesture Recognition, FG 2013},
    author = {Chakraborty, Ishani and Elgammal, Ahmed and Burd, Randall S.},
    month = {4},
    pages = {1--8},
    publisher = {IEEE},
    url = {http://ieeexplore.ieee.org/document/6553758/},
    isbn = {9781467355452},
    doi = {10.1109/FG.2013.6553758}
}

@inproceedings{Bambach2015,
    title = {{Viewpoint Integration for Hand-Based Recognition of Social Interactions from a First-Person View}},
    year = {2015},
    booktitle = {Proceedings of the 2015 ACM on International Conference on Multimodal Interaction - ICMI '15},
    author = {Bambach, Sven and Crandall, David J. and Yu, Chen},
    pages = {351--354},
    publisher = {ACM Press},
    url = {http://dl.acm.org/citation.cfm?doid=2818346.2820771},
    address = {New York, New York, USA},
    isbn = {9781450339124},
    doi = {10.1145/2818346.2820771},
    keywords = {activity recognition, egocentric video, google glass, hand detection, viewpoint integration, wearable devices}
}

@incollection{Bux2017,
    title = {{Vision Based Human Activity Recognition: A Review}},
    year = {2017},
    booktitle = {Advances in Computational Intelligence Systems},
    author = {Bux, Allah and Angelov, Plamen and Habib, Zulfiqar},
    pages = {341--371},
    publisher = {Springer, Cham},
    url = {http://link.springer.com/10.1007/978-3-319-46562-3_23},
    doi = {10.1007/978-3-319-46562-3{\_}23}
}

@article{Mukhopadhyay2015,
    title = {{Wearable Sensors for Human Activity Monitoring: A Review}},
    year = {2015},
    journal = {IEEE Sensors Journal},
    author = {Mukhopadhyay, Subhas Chandra},
    number = {3},
    month = {3},
    pages = {1321--1330},
    volume = {15},
    url = {http://ieeexplore.ieee.org/document/6974987/},
    doi = {10.1109/JSEN.2014.2370945}
}

@inproceedings{Li2016,
    title = {{What am i doing? Robotic self-action recognition}},
    year = {2016},
    booktitle = {IEEE-RAS International Conference on Humanoid Robots},
    author = {Li, Zijia and Au, Chi Wun and Kakiuchi, Yohei and Okada, Kei and Inaba, Masayuki},
    month = {11},
    pages = {165--170},
    publisher = {IEEE},
    url = {http://ieeexplore.ieee.org/document/7803273/},
    isbn = {9781509047185},
    doi = {10.1109/HUMANOIDS.2016.7803273},
    issn = {21640580}
}

@article{NoTitle,
    title = {{(No Title)}},
    pmid = {25850097}
}

@inproceedings{Thomanek2019AHeuristics,
    title = {{A Scalable System Architecture for Activity Detection with Simple Heuristics}},
    year = {2019},
    booktitle = {2019 IEEE Winter Applications of Computer Vision Workshops (WACVW)},
    author = {Thomanek, Rico and Roschke, Christian and Platte, Benny and Manthey, Robert and Rolletschke, Tony and Heinzig, Manuel and Vodel, Matthias and Zimmer, Frank and Eibl, Maximilian and Zimmer, Frank},
    month = {1},
    pages = {27--34},
    publisher = {IEEE},
    url = {https://ieeexplore.ieee.org/document/8638324/},
    isbn = {978-1-7281-1392-0},
    doi = {10.1109/WACVW.2019.00012}
}

@inproceedings{Qi2015ATechnology,
    title = {{A Survey of Physical Activity Monitoring and Assessment using Internet of Things Technology}},
    year = {2015},
    booktitle = {IEEE International Conference on Computer and Information Technology},
    author = {Qi, Jun and Yang, Po and Fan, Dina and Deng, Zhikun},
    month = {10},
    publisher = {IEEE},
    address = {Liverpool, UK},
    doi = {10.1109/CIT/IUCC/DASC/PICOM.2015.348}
}

@article{Altaf2015AcousticSounds,
    title = {{Acoustic gaits: Gait analysis with footstep sounds}},
    year = {2015},
    journal = {IEEE Transactions on Biomedical Engineering},
    author = {Altaf, M. Umair Bin and Butko, Taras and Juang, Biing Hwang Fred},
    number = {8},
    month = {8},
    pages = {2001--2011},
    volume = {62},
    publisher = {IEEE Computer Society},
    url = {http://www.ncbi.nlm.nih.gov/pubmed/25769144},
    doi = {10.1109/TBME.2015.2410142},
    issn = {15582531},
    keywords = {Acoustic gait analysis, Gait analysis, signal analysis}
}

@misc{Desai2004ActivitiesTreatment,
    title = {{Activities of daily living in patients with dementia: Clinical relevance, methods of assessment and effects of treatment}},
    year = {2004},
    booktitle = {CNS Drugs},
    author = {Desai, Abhilash K. and Grossberg, George T. and Sheth, Dharmesh N.},
    number = {13},
    month = {8},
    pages = {853--875},
    volume = {18},
    publisher = {Springer},
    doi = {10.2165/00023210-200418130-00003},
    issn = {11727047},
    keywords = {Neurology, Neurosciences, Pharmacotherapy, Psychiatry, Psychopharmacology}
}

@article{Carswell1993ActivitiesDisease,
    title = {{Activities of Daily Living, Cognitive Impairment and Social Function in Community Residents with Alzheimer Disease}},
    year = {1993},
    journal = {Canadian Journal of Occupational Therapy},
    author = {Carswell, Anne and Eastwood, Robin},
    number = {3},
    month = {8},
    pages = {130--136},
    volume = {60},
    publisher = {SAGE PublicationsSage CA: Los Angeles, CA},
    url = {http://journals.sagepub.com/doi/10.1177/000841749306000304},
    doi = {10.1177/000841749306000304},
    issn = {0008-4174},
    keywords = {Activities of daily living, Alzheimer disease, Cognitive impairment}
}

@article{deLeva1996AdjustmentsParameters,
    title = {{Adjustments to Zatsiorsky-Seluyanov's segment inertia parameters}},
    year = {1996},
    journal = {Journal of Biomechanics},
    author = {de Leva, Paolo},
    number = {9},
    pages = {1223--1230},
    volume = {29}
}

@article{Jacobsen2011AmericasPopulation,
    title = {{America's Aging Population}},
    year = {2011},
    journal = {Population Bulletin},
    author = {Jacobsen, Linda A and Kent, Mary and Lee, Marlene and Mather, Mark},
    number = {1},
    volume = {66},
    url = {www.prb.org},
    keywords = {America, PRB, Population Reference Bureau, United States, aging, elderly}
}

@misc{Ortman2014AnStates,
    title = {{An aging nation: The older population in the United States}},
    year = {2014},
    author = {Ortman, Jennifer M and Velkoff, Victoria A},
    month = {5},
    url = {https://www.census.gov/prod/2014pubs/p25-1140.pdf}
}

@article{Gold2012AnImpairment,
    title = {{An examination of instrumental activities of daily living assessment in older adults and mild cognitive impairment}},
    year = {2012},
    journal = {Journal of Clinical and Experimental Neuropsychology},
    author = {Gold, David A.},
    number = {1},
    month = {1},
    pages = {11--34},
    volume = {34},
    publisher = { Taylor {\&} Francis Group },
    url = {http://www.tandfonline.com/doi/abs/10.1080/13803395.2011.614598},
    doi = {10.1080/13803395.2011.614598},
    issn = {1380-3395},
    keywords = {Assessment and classification, Cognitive correlates of everyday functioning, Instrumental activities of daily living, Mild cognitive impairment, Prediction of future decline}
}

@article{Lucas1981AnVision,
    title = {{An iterative image registration technique with an application to stereo vision}},
    year = {1981},
    author = {Lucas, Bruce D and Kanade, Takeo and {others}},
    publisher = {Vancouver, BC, Canada}
}

@techreport{Bucks1996AssessmentScale,
    title = {{Assessment of Activities of Daily Living in Dementia: Development of the Bristol Activities of Daily Living Scale}},
    year = {1996},
    booktitle = {Age and Ageing},
    author = {Bucks, R S and Ashworth, D L and Wilcock, G K and Siegfried, K},
    pages = {113--120},
    volume = {25},
    url = {https://academic.oup.com/ageing/article-abstract/25/2/113/22333}
}

@article{LawtonAssessmentLiving,
    title = {{Assessment of Older People: Self-Maintaining and Instrumental Activities of Daily Living}},
    journal = {The Gerontologist},
    author = {Lawton, M Powell and Brody, Elaine M}
}

@article{Fitzpatrick2007AssociationsPersons,
    title = {{Associations of Gait Speed and Other Measures of Physial Function with Cognition in a Healthy Cohort of Elderly Persons}},
    year = {2007},
    journal = {Journals of Gerontology Series A: Biological Sciences {\&} Medical Sciences},
    author = {Fitzpatrick, Annette L and Buchanan, Catherine K and Nahin, Richard L and DeKosky, Steven T and Atkinson, Hal H and Carlson, Michell C and Williamson, Jeff D},
    number = {11},
    pages = {1244--1251},
    volume = {62},
    keywords = {gait}
}

@article{Schneider2019ComparisonEnvironments,
    title = {{Comparison of Gait Speeds from Wearable Camera and Accelerometer in Structured and Semi-Structured Environments}},
    year = {2019},
    journal = {Healthcare Technology Letters},
    author = {Schneider, Bradley and Banerjee, Tanvi and Riley, Michael and Grover, Francis},
    month = {11},
    publisher = {Institution of Engineering and Technology (IET)},
    doi = {10.1049/htl.2019.0015},
    issn = {2053-3713}
}

@article{Dimiccoli2018ComputerVision,
    title = {{Computer Vision for Egocentric (First-Person) Vision}},
    year = {2018},
    journal = {Computer Vision for Assistive Healthcare},
    author = {Dimiccoli, Mariella},
    month = {1},
    pages = {183--210},
    publisher = {Academic Press},
    url = {https://www.sciencedirect.com/science/article/pii/B9780128134450000071},
    isbn = {9780128134450},
    doi = {10.1016/B978-0-12-813445-0.00007-1}
}

@article{Hartmann2009ConcurrentAdults,
    title = {{Concurrent validity of a trunk tri-axial accelerometer system for gait analysis in older adults}},
    year = {2009},
    journal = {Gait {\&} Posture},
    author = {Hartmann, Antonia and Luzi, Susanna and Murer, Kurt and de Bie, Rob A and de Bruin, Eling D},
    number = {3},
    pages = {444 - 448},
    volume = {29},
    url = {http://www.sciencedirect.com/science/article/pii/S0966636208003652},
    doi = {https://doi.org/10.1016/j.gaitpost.2008.11.003},
    issn = {0966-6362},
    keywords = {Accelerometry, Aging, Gait, Validity}
}

@article{Cai2018DesktopPoint-of-View,
    title = {{Desktop Action Recognition From First-Person Point-of-View}},
    year = {2018},
    journal = {IEEE Transactions on Cybernetics},
    author = {Cai, Minjie and Lu, Feng and Gao, Yue},
    pages = {1--13},
    url = {http://ieeexplore.ieee.org/document/8303707/},
    doi = {10.1109/TCYB.2018.2806381}
}

@article{Gkioxari2017DetectingInteractions,
    title = {{Detecting and Recognizing Human-Object Interactions}},
    year = {2017},
    author = {Gkioxari, Georgia and Girshick, Ross and Doll{\'{a}}r, Piotr and He, Kaiming},
    month = {4},
    url = {http://arxiv.org/abs/1704.07333},
    arxivId = {1704.07333}
}

@article{Jalal2018DetectingSystem,
    title = {{Detecting complex 3D human motions with body model low-rank representation for real-time smart activity monitoring system}},
    year = {2018},
    journal = {KSII Transactions on Internet and Information Systems},
    author = {Jalal, Ahmad and Kamal, Shaharyar and Kim, Dong Seong},
    number = {3},
    month = {3},
    pages = {1189--1204},
    volume = {12},
    publisher = {Korean Society for Internet Information},
    doi = {10.3837/tiis.2018.03.012},
    issn = {22881468},
    keywords = {3D human pose estimation, Real time system, Skeleton model, Smart home}
}

@article{Lima-Silva2015DirectDisease.,
    title = {{Direct and indirect assessments of activities of daily living in behavioral variant frontotemporal dementia and Alzheimer disease.}},
    year = {2015},
    journal = {Journal of geriatric psychiatry and neurology},
    author = {Lima-Silva, Thais Bento and Bahia, Valéria Santoro and Carvalho, Viviane Amaral and Guimar{\~{a}}es, Henrique Cerqueira and Caramelli, Paulo and Balthazar, Márcio Luiz Figueredo and Damasceno, Benito and Bottino, Cássio Machado de Campos and Brucki, Sônia Maria Dozzi and Nitrini, Ricardo and Yassuda, Mônica Sanches},
    number = {1},
    month = {3},
    pages = {19--26},
    volume = {28},
    publisher = {SAGE Publications Inc.},
    url = {http://www.ncbi.nlm.nih.gov/pubmed/25015849},
    doi = {10.1177/0891988714541874},
    issn = {0891-9887},
    pmid = {25015849},
    keywords = {Alzheimer disease, activities of daily living, behavioral variant frontotemporal dementia, cognition, executive functions, functional status}
}

@article{Lowe2004DistinctiveKeypoints,
    title = {{Distinctive image features from scale-invariant keypoints}},
    year = {2004},
    journal = {International journal of computer vision},
    author = {Lowe, David G},
    number = {2},
    pages = {91--110},
    volume = {60},
    publisher = {Springer}
}

@article{Vazquez2018E-HealthReview,
    title = {{E-Health Interventions for Adult and Aging Population With Intellectual Disability: A Review}},
    year = {2018},
    journal = {Frontiers in Psychology},
    author = {V{\'{a}}zquez, Andrea and Jenaro, Cristina and Flores, Noelia and Bagnato, María José and P{\'{e}}rez, Ma Carmen and Cruz, Maribel},
    number = {NOV},
    month = {11},
    pages = {2323},
    volume = {9},
    publisher = {Frontiers Media S.A.},
    url = {https://www.frontiersin.org/article/10.3389/fpsyg.2018.02323/full},
    doi = {10.3389/fpsyg.2018.02323},
    keywords = {Aging, E-health, E-therapy, Intellectual disabilities, Systematic review}
}

@inproceedings{HuangDavidEvans2011FasterCircuits,
    title = {{Faster secure two-party computation using garbled circuits}},
    year = {2011},
    booktitle = {SEC'11 Proceedings of the 20th USENIX conference on Security},
    author = {Huang David Evans, Yan and Katz, Jonathan and Malka Intel, Lior},
    pages = {35},
    url = {http://MightBeEvil.org},
    address = {San Francisco, CA}
}

@inproceedings{Chung2012GaitAccelerometer,
    title = {{Gait analysis for patients with Alzheimer'S disease using a triaxial accelerometer}},
    year = {2012},
    booktitle = {ISCAS 2012 - 2012 IEEE International Symposium on Circuits and Systems},
    author = {Chung, Pau Choo and Hsu, Yu Liang and Wang, Chun Yao and Lin, Chien Wen and Wang, Jeen Shing and Pai, Ming Chyi},
    pages = {1323--1326},
    doi = {10.1109/ISCAS.2012.6271484},
    keywords = {Alzheimer's disease, Gait analysis, accelerometer, walking}
}

@article{Afilalo2010GaitSurgery,
    title = {{Gait Speed as an Incremental Predictor of Mortality and Major Morbidity in Elderly Patients Undergoing Cardiac Surgery}},
    year = {2010},
    journal = {Journal of the American College of Cardiology},
    author = {Afilalo, Jonathan and Eisenberg, Mark J and Morin, Jean-François and Bergman, Howard and Monette, Johanne and Noiseux, Nicolas and Perrault, Louis P and Alexander, Karen P and Langlois, Yves and Dendukuri, Nandini and Chamoun, Patrick and Kasparian, Georges and Robichaud, Sophie and Gharacholou, S Michael and Boivin, Jean-François},
    number = {20},
    pages = {1668 - 1676},
    volume = {56},
    keywords = {aging, bypass, epidemiology, frailty, surgery}
}

@article{Viccaro2011GaitForce,
    title = {{Gait Speed at Usual Pace as a Predictor of Adverse Outcomes in Community-Dwelling Older People: an International Academy on Nutrition and Aging (IANA) Task Force}},
    year = {2011},
    journal = {Journal of the American Geriatrics Society},
    author = {Viccaro, Laura J and Perera, Subashan and Studenski, Stephanie A},
    number = {5},
    pages = {887--892},
    volume = {59},
    keywords = {gait}
}

@inproceedings{Geiger2013Gait-basedFeatures,
    title = {{Gait-based person identification by spectral, cepstral and energy-related audio features}},
    year = {2013},
    booktitle = {ICASSP, IEEE International Conference on Acoustics, Speech and Signal Processing - Proceedings},
    author = {Geiger, Jurgen T. and Hofmann, Martin and Schuller, Bjorn and Rigoll, Gerhard},
    month = {10},
    pages = {458--462},
    isbn = {9781479903566},
    doi = {10.1109/ICASSP.2013.6637689},
    issn = {15206149},
    keywords = {Acoustic gait-based person identification, feature selection, gait recognition}
}

@misc{CochraneGlossaryCommunity,
    title = {{Glossary | Cochrane Community}},
    author = {{Cochrane}},
    url = {https://community.cochrane.org/glossary}
}

@misc{CarreTechnologies2017HexoskinShirts,
    title = {{Hexoskin Smart Shirts}},
    year = {2017},
    author = {Carre Technologies, Inc},
    url = {https://www.hexoskin.com/}
}

@inproceedings{Gokce2019HumanPairs,
    title = {{Human action recognition in first person videos using verb-object Pairs}},
    year = {2019},
    booktitle = {27th Signal Processing and Communications Applications Conference, SIU 2019},
    author = {Gokce, Zeynep and Pehlivan, Selen},
    month = {4},
    publisher = {Institute of Electrical and Electronics Engineers Inc.},
    isbn = {9781728119045},
    doi = {10.1109/SIU.2019.8806562},
    keywords = {Action recognition, Deep learning, First-person video}
}

@inproceedings{Oniga2014HumanNetworks,
    title = {{Human activity recognition using neural networks}},
    year = {2014},
    booktitle = {Proceedings of the 2014 15th International Carpathian Control Conference, ICCC 2014},
    author = {Oniga, Stefan and S{\"{u}}to, József},
    pages = {403--406},
    publisher = {IEEE Computer Society},
    isbn = {9781479935284},
    doi = {10.1109/CarpathianCC.2014.6843636},
    keywords = {Activity recognition, Artificial Neural Networks, Assistive and telepresence robots, Assistive technologies, e-Health}
}

@inproceedings{Perumal2017IoTResidents,
    title = {{IoT based activity recognition among smart home residents}},
    year = {2017},
    booktitle = {2017 IEEE 6th Global Conference on Consumer Electronics, GCCE 2017},
    author = {Perumal, Thinagaran and Chui, Y. L. and Ahmadon, Mohd Anuaruddin Bin and Yamaguchi, Shingo},
    month = {12},
    pages = {1--2},
    volume = {2017-January},
    publisher = {Institute of Electrical and Electronics Engineers Inc.},
    isbn = {9781509040452},
    doi = {10.1109/GCCE.2017.8229478},
    keywords = {Activity Recognition, Elgar Framework, Internet of Things (IoT), Smart Homes}
}

@inproceedings{Suh2016Kalman-Filter-BasedSmart-Watch,
    title = {{Kalman-Filter-Based Walking Distance Estimation for a Smart-Watch}},
    year = {2016},
    booktitle = {Proceedings - 2016 IEEE 1st International Conference on Connected Health: Applications, Systems and Engineering Technologies, CHASE 2016},
    author = {Suh, Young Soo and Nemati, Ebrahim and Sarrafzadeh, Majid},
    month = {8},
    pages = {150--156},
    publisher = {Institute of Electrical and Electronics Engineers Inc.},
    isbn = {9781509009435},
    doi = {10.1109/CHASE.2016.21}
}

@article{Verghese2003LeisureElderly,
    title = {{Leisure Activities and the Risk of Dementia in the Elderly}},
    year = {2003},
    journal = {New England Journal of Medicine},
    author = {Verghese, Joe and Lipton, Richard B. and Katz, Mindy J. and Hall, Charles B. and Derby, Carol A. and Kuslansky, Gail and Ambrose, Anne F. and Sliwinski, Martin and Buschke, Herman},
    number = {25},
    month = {6},
    pages = {2508--2516},
    volume = {348},
    publisher = { Massachusetts Medical Society },
    url = {http://www.nejm.org/doi/abs/10.1056/NEJMoa022252},
    doi = {10.1056/NEJMoa022252},
    issn = {0028-4793}
}

@inproceedings{GillaniFahad2013LongHome,
    title = {{Long term analysis of daily activities in a smart home}},
    year = {2013},
    booktitle = {European Symposium on Artificial Neural Networks},
    author = {Gillani Fahad, Labiba and Ali, Arshad and Rajarajan, Muttukrishnan},
    month = {4},
    pages = {419--424},
    publisher = {},
    url = {http://www.i6doc.com/en/livre/?GCOI=28001100131010.},
    address = {Bruges, Belgium},
    isbn = {9782874190810}
}

@article{Bramell-Risberg2005LowerControls,
    title = {{Lower Gait Speed in Older Women with Dementia Compared with Controls}},
    year = {2005},
    journal = {Dementia and Geriatric Cognitive Disorders},
    author = {Bramell-Risberg, E and Jarnlo, G and Minthon, L and Elmstahl, S},
    pages = {298--305},
    volume = {20},
    doi = {10.1159/000088335}
}

@article{WorldHealthOrganization2011MHealth:EHealth,
    title = {{mHealth: New horizons for health through mobile technologies: second global survey on eHealth}},
    year = {2011},
    journal = {Global Observatory for eHealth Series},
    author = {{World Health Organization}},
    volume = {3},
    url = {http://www.who.int/about/},
    institution = {World Health Organization},
    isbn = {9789241564250}
}

@inproceedings{Amiri2013Non-intrusiveEnvironment,
    title = {{Non-intrusive human activity monitoring in a smart home environment}},
    year = {2013},
    booktitle = {2013 IEEE 15th International Conference on e-Health Networking, Applications and Services, Healthcom 2013},
    author = {Amiri, S. Mohsen and Pourazad, Mahsa T. and Nasiopoulos, Panos and Leung, Victor C.M.},
    pages = {606--610},
    isbn = {9781467358019},
    doi = {10.1109/HealthCom.2013.6720748},
    keywords = {human action recognition, smart home}
}

@article{Mariani2013On-shoeDisease,
    title = {{On-shoe wearable sensors for gait and turning assessment of patients with parkinson's disease}},
    year = {2013},
    journal = {IEEE Transactions on Biomedical Engineering},
    author = {Mariani, Benoit and Jim{\'{e}}nez, Mayté Castro and Vingerhoets, François J.G. and Aminian, Kamiar},
    number = {1},
    month = {1},
    pages = {155--158},
    volume = {60},
    url = {http://www.ncbi.nlm.nih.gov/pubmed/23268531},
    doi = {10.1109/TBME.2012.2227317},
    issn = {00189294},
    keywords = {Gait analysis, Parkinson, inertial sensors, spatio-temporal parameters, timed up and go}
}

@article{Tan1999OptimizationRating,
    title = {{Optimization of fuzzy inference rules by using the genetic algorithm and its application to the bond rating}},
    year = {1999},
    journal = {Journal of the Operations Research Society of Japan},
    author = {Tan, Kangrong and Tokinaga, Shozo},
    number = {3},
    pages = {302--315},
    volume = {42},
    publisher = {Elsevier},
    url = {https://www.jstage.jst.go.jp/article/jorsj/42/3/42_KJ00001201928/_article},
    doi = {10.15807/jorsj.42.302},
    issn = {0453-4514}
}

@misc{Pivothead2017Pivothead,
    title = {{Pivothead}},
    year = {2017},
    author = {{Pivothead}},
    url = {http://www.pivothead.com/}
}

@article{Beauchet2016PoorMeta-Analysis,
    title = {{Poor Gait Performance and Prediction of Dementia: Results From a Meta-Analysis}},
    year = {2016},
    journal = {Journal of the American Medical Directors Association},
    author = {Beauchet, Olivier and Annweiler, Cédric and Callisaya, Michele L and Cock, Anne-Marie De and Helbostad, Jorunn L and Kressig, Reto W and Srikanth, Velandai and Steinmetz, Jean-Paul and Blumen, Helena M and Verghese, Joe and Allali, Gilles},
    number = {6},
    pages = {482 - 490},
    volume = {17},
    keywords = {Epidemiology, dementia, gait disorders/ataxia, motor control}
}

@inproceedings{Nakatani2018PreliminaryKnowledge,
    title = {{Preliminary Investigation of Object-based Activity Recognition Using Egocentric Video Based on Web Knowledge}},
    year = {2018},
    booktitle = {Proceedings of the 17th International Conference on Mobile and Ubiquitous Multimedia  - MUM 2018},
    author = {Nakatani, Tomoya and Kuga, Ryohei and Maekawa, Takuya},
    pages = {375--381},
    publisher = {ACM Press},
    url = {http://dl.acm.org/citation.cfm?doid=3282894.3289728},
    address = {New York, New York, USA},
    isbn = {9781450365949},
    doi = {10.1145/3282894.3289728},
    keywords = {Activity recognition, egocentric video, object detection}
}

@inproceedings{Schneider2017PreliminaryProcessing,
    title = {{Preliminary investigation of walking motion using a combination of image and signal processing}},
    year = {2017},
    booktitle = {Proceedings - 2016 International Conference on Computational Science and Computational Intelligence, CSCI 2016},
    author = {Schneider, Bradley and Banerjee, Tanvi},
    month = {3},
    pages = {641--646},
    publisher = {Institute of Electrical and Electronics Engineers Inc.},
    isbn = {9781509055104},
    doi = {10.1109/CSCI.2016.0127},
    keywords = {activity detection, gait analysis, motion and tracking algorithms and applications, video analysis}
}

@misc{Rowe2016PreparingPopulation,
    title = {{Preparing for better health and health care for an aging population}},
    year = {2016},
    booktitle = {JAMA - Journal of the American Medical Association},
    author = {Rowe, John W. and Fulmer, Terry and Fried, Linda},
    number = {16},
    month = {10},
    pages = {1643--1644},
    volume = {316},
    publisher = {American Medical Association},
    doi = {10.1001/jama.2016.12335},
    keywords = {aging, chronic disease, delivery of health care, elderly, end-of-life care, workforce}
}

@inproceedings{Corona2016QuantitativeDisease,
    title = {{Quantitative assessment of gait in elderly people affected by Parkinson's Disease}},
    year = {2016},
    booktitle = {2016 IEEE International Symposium on Medical Measurements and Applications, MeMeA 2016 - Proceedings},
    author = {Corona, Federica and Pau, Massimiliano and Guicciardi, Marco and Murgia, Mauro and Pili, Roberta and Casula, Carlo},
    month = {8},
    publisher = {Institute of Electrical and Electronics Engineers Inc.},
    isbn = {9781467391726},
    doi = {10.1109/MeMeA.2016.7533772},
    keywords = {Gait Profile Score (GPS), Gait Variable Score (GVS), Parkinson's Disease, gait analysis}
}

@inproceedings{Damen2018ScalingDataset,
    title = {{Scaling Egocentric Vision: The EPIC-KITCHENS Dataset}},
    year = {2018},
    booktitle = {Proceedings of European Conference on Computer Vision (ECCV)},
    author = {Damen, Dima and Doughty, Hazel and Maria Farinella, Giovanni and Fidler, Sanja and Furnari, Antonino and Kazakos, Evangelos and Moltisanti, Davide and Munro, Jonathan and Perrett, Toby and Price, Will and Wray, Michael},
    pages = {720--736},
    url = {http://openaccess.thecvf.com/content_ECCV_2018/html/Dima_Damen_Scaling_Egocentric_Vision_ECCV_2018_paper.html}
}

@article{Rucco2017Spatio-temporalCapture,
    title = {{Spatio-temporal and kinematic gait analysis in patients with Frontotemporal dementia and Alzheimer's disease through 3D motion capture}},
    year = {2017},
    journal = {Gait {\&} Posture},
    author = {Rucco, Rosaria and Agosti, Valeria and Jacini, Francesca and Sorrentino, Pierpaolo and Varriale, Pasquale and Stefano, Manuela De and Milan, Graziella and Montella, Patrizia and Sorrentino, Giuseppe},
    number = {Supplement C},
    pages = {312 - 317},
    volume = {52},
    keywords = {Alzheimer’s disease, Cognition, Executive functions, Frontotemporal dementia, Gait analysis, Kinematics}
}

@inproceedings{Pope2017SPHEREKit,
    title = {{SPHERE in a Box: Practical and Scalable EurValve Activity Monitoring Smart Home Kit}},
    year = {2017},
    booktitle = {Proceedings - 2017 IEEE 42nd Conference on Local Computer Networks Workshops, LCN Workshops 2017},
    author = {Pope, James and McConville, Ryan and Kozlowski, Michal and Fafoutis, Xenofon and Santos-Rodriguez, Raul and Piechocki, Robert J. and Craddock, Ian},
    month = {11},
    pages = {128--135},
    publisher = {Institute of Electrical and Electronics Engineers Inc.},
    isbn = {9781509065837},
    doi = {10.1109/LCN.Workshops.2017.74},
    keywords = {Activity Recognition, Smart Homes, Wearables, eHealthcare}
}

@book{HedgesStatisticalMeta-analysis,
    title = {{Statistical methods for meta-analysis}},
    author = {Hedges, L V and Olkin, I},
    publisher = {Academic Press},
    address = {New York}
}

@book{Cohen1988StatisticalSciences,
    title = {{Statistical power analysis for the behavioral sciences}},
    year = {1988},
    author = {Cohen, Jacob},
    publisher = {Erlbaum},
    address = {Hillsdale, NJ}
}

@inproceedings{Henecka2010TASTY:Computations,
    title = {{TASTY: Tool for automating secure two-party computations}},
    year = {2010},
    booktitle = {Proceedings of the ACM Conference on Computer and Communications Security},
    author = {Henecka, Wilko and K{\"{o}}gl, Stefan and Sadeghi, Ahmad Reza and Schneider, Thomas and Wehrenberg, Immo},
    pages = {451--462},
    isbn = {9781450302449},
    doi = {10.1145/1866307.1866358},
    issn = {15437221},
    keywords = {Compiler, Cryptography, Garbled circuits, Homomorphic encryption, Secure function evaluation}
}

@article{Kanasi2016TheAging,
    title = {{The aging population: demographics and the biology of aging}},
    year = {2016},
    journal = {Periodontology 2000},
    author = {Kanasi, Eleni and Ayilavarapu, Srinivas and Jones, Judith},
    number = {1},
    month = {10},
    pages = {13--18},
    volume = {72},
    publisher = {Blackwell Munksgaard},
    url = {http://doi.wiley.com/10.1111/prd.12126},
    doi = {10.1111/prd.12126}
}

@article{Chien2015TheIndividuals,
    title = {{The Effect of Walking Speed on Gait Variability in Healthy Young, Middle-aged and Elderly Individuals}},
    year = {2015},
    journal = {Journal of Physical Activity, Nutrition, and Rehabilitation},
    author = {Chien, J H and Yentes, J and Stergiou, N and Siu, K C},
    keywords = {gait}
}

@article{Martin2017TheUsers,
    title = {{The Power of Population Health Data on Aging and Intellectual and Developmental Disabilities: Reactions of Knowledge Users}},
    year = {2017},
    journal = {Journal of Policy and Practice in Intellectual Disabilities},
    author = {Martin, Lynn and Ouellette-Kuntz, Hélène and McKenzie, Katherine},
    number = {4},
    month = {12},
    pages = {268--278},
    volume = {14},
    publisher = {Blackwell Publishing Ltd},
    url = {http://doi.wiley.com/10.1111/jppi.12196},
    doi = {10.1111/jppi.12196},
    keywords = {aging, healthcare, intellectual disabilities, knowledge exchange, population data}
}

@article{Wang2013TowardAdults,
    title = {{Toward a passive low-cost in-home gait assessment system for older adults}},
    year = {2013},
    journal = {IEEE Journal of Biomedical and Health Informatics},
    author = {Wang, Fang and Stone, Erik and Skubic, Marjorie and Keller, James M. and Abbott, Carmen and Rantz, Marilyn},
    number = {2},
    month = {3},
    pages = {346--355},
    volume = {17},
    url = {http://www.ncbi.nlm.nih.gov/pubmed/24235111 http://www.pubmedcentral.nih.gov/articlerender.fcgi?artid=PMC3831173},
    doi = {10.1109/JBHI.2012.2233745},
    issn = {21682194},
    keywords = {Computer vision, Eldercare technology, Gait analysis, Passive monitoring, Step length, Step time, Walking speed, Webcam}
}

@article{Banerjee2017ValidatingManagement,
    title = {{Validating a commercial device for continuous activity measurement in the older adult population for dementia management}},
    year = {2017},
    journal = {Smart Health},
    author = {Banerjee, Tanvi and Peterson, Matthew and Oliver, Quintin and Froehle, Andrew and Lawhorne, Larry},
    publisher = {Elsevier}
}

@article{DelDin2016ValidationUse,
    title = {{Validation of an Accelerometer to Quantify a Comprehensive Battery of Gait Characteristics in Healthy Older Adults and Parkinson's Disease: Toward Clinical and at Home Use}},
    year = {2016},
    journal = {IEEE Journal of Biomedical and Health Informatics},
    author = {Del Din, Silvia and Godfrey, Alan and Rochester, Lynn},
    number = {3},
    month = {5},
    pages = {838--847},
    volume = {20},
    publisher = {Institute of Electrical and Electronics Engineers Inc.},
    doi = {10.1109/JBHI.2015.2419317},
    issn = {21682194},
    keywords = {Accelerometer, algorithm, body-worn monitor, instrumented gait, instrumented walkway}
}

@article{Fortune2014ValidityVelocities,
    title = {{Validity of using tri-axial accelerometers to measure human movement – Part II: Step counts at a wide range of gait velocities}},
    year = {2014},
    journal = {Medical Engineering {\&} Physics},
    author = {Fortune, Emma and Lugade, Vipul and Morrow, Melissa and Kaufman, Kenton},
    number = {6},
    pages = {659 - 669},
    volume = {36},
    keywords = {Accelerometer, Body-worn sensors, Gait velocity, Step detection}
}

@inproceedings{Tadesse2018VisualRecognition,
    title = {{Visual features for ego-centric activity recognition}},
    year = {2018},
    booktitle = {Proceedings of the 4th ACM Workshop on Wearable Systems and Applications  - WearSys '18},
    author = {Tadesse, Girmaw Abebe and Cavallaro, Andrea},
    pages = {48--53},
    publisher = {ACM Press},
    url = {http://dl.acm.org/citation.cfm?doid=3211960.3211978 http://www.eecs.qmul.ac.uk/~andrea/papers/2018_WearSys_VisualFeaturesForEgoCentricActivityRecognitionSurvey_Abebe_Cavallaro.pdf},
    address = {New York, New York, USA},
    isbn = {9781450358422},
    doi = {10.1145/3211960.3211978},
    keywords = {activity recognition, first-person vision, survey, wearable camera}
}

@techreport{58thWorldHealthAssembly2005WHA58.28EHealth,
    title = {{WHA58.28 eHealth}},
    year = {2005},
    author = {{58th World Health Assembly}},
    institution = {World Health Organization},
    address = {Geneva, Switzerland}
}

@article{Valkanova2017WhatEvidence,
    title = {{What can gait tell us about dementia? Review of epidemiological and neuropsychological evidence}},
    year = {2017},
    journal = {Gait {\&} Posture},
    author = {Valkanova, Vyara and Ebmeier, Klaus P},
    number = {Supplement C},
    pages = {215 - 223},
    volume = {53},
    keywords = {Alzheimer’s disease, Cognition, Cognitive impairment, Gait, Vascular dementia}
}